@article{bengtsson_2020_rate,
  title={The actual 5-year survivors of pancreatic ductal adenocarcinoma based on real-world data},
  author={Bengtsson, Axel and Andersson, Roland and Ansari, Daniel},
  journal={Scientific reports},
  volume={10},
  number={1},
  pages={16425},
  year={2020},
  doi={10.1038/s41598-020-73525-y}
}

@article{moffitt_2015_stratification,
  title={Virtual microdissection identifies distinct tumor-and stroma-specific subtypes of pancreatic ductal adenocarcinoma},
  author={Moffitt, Richard A and Marayati, Raoud and Flate, Elizabeth L and Volmar, Keith E and Loeza, S Gabriela Herrera and Hoadley, Katherine A and Rashid, Naim U and Williams, Lindsay A and Eaton, Samuel C and Chung, Alexander H and others},
  journal={Nature genetics},
  volume={47},
  number={10},
  pages={1168--1178},
  year={2015},
  doi = {10.1038/ng.3398}
}

@article{puleo_2018_stratification,
	title = {Stratification of Pancreatic Ductal Adenocarcinomas Based on Tumor and Microenvironment Features.},
	volume = {155},
	doi = {10.1053/j.gastro.2018.08.033},
	pages = {1999--2013.e3},
	number = {6},
	journal = {Gastroenterology},
	author = {Puleo, Francesco and Nicolle, Rémy and Blum, Yuna and Cros, Jérôme and Marisa, Laetitia and Demetter, Pieter and Quertinmont, Eric and Svrcek, Magali and Elarouci, Nabila and Iovanna, Juan and Franchimont, Denis and Verset, Laurine and Galdon, Maria Gomez and Devière, Jacques and de Reyniès, Aurélien and Laurent-Puig, Pierre and Van Laethem, Jean-Luc and Bachet, Jean-Baptiste and Maréchal, Raphaël},
	year = {2018}
}

@article{ebrahim_2016_multi,
  title={Multi-omic data integration enables discovery of hidden biological regularities},
  author={Ebrahim, Ali and Brunk, Elizabeth and Tan, Justin and O'brien, Edward J and Kim, Donghyuk and Szubin, Richard and Lerman, Joshua A and Lechner, Anna and Sastry, Anand and Bordbar, Aarash and others},
  journal={Nature communications},
  volume={7},
  number={1},
  pages={13091},
  year={2016},
  doi = {10.1038/ncomms13091}
}

@article{truong_2021_pancreatic,
  title={Pancreatic cancer microenvironment and cellular composition: current understandings and therapeutic approaches},
  author={Truong, Linh-Huyen and Pauklin, Siim},
  journal={Cancers},
  volume={13},
  number={19},
  pages={5028},
  year={2021},
  publisher={MDPI}
}

@article{avila_2020_benchmarking,
  title={Benchmarking of cell type deconvolution pipelines for transcriptomics data},
  author={Avila Cobos, Francisco and Alquicira-Hernandez, Jos{\'e} and Powell, Joseph E and Mestdagh, Pieter and De Preter, Katleen},
  journal={Nature communications},
  volume={11},
  number={1},
  pages={5650},
  year={2020},
  doi = {10.1038/s41467-020-19015-1}
}

@article{titus_2017_review,
  title={Cell-type deconvolution from DNA methylation: a review of recent applications},
  author={Titus, Alexander J and Gallimore, Rachel M and Salas, Lucas A and Christensen, Brock C},
  journal={Human molecular genetics},
  volume={26},
  number={R2},
  pages={R216--R224},
  year={2017},
  doi = {10.1093/hmg/ddx275}
}

@article{DeconRNASeq,
    author = {Gong, Ting and Szustakowski, Joseph D.},
    title = "{DeconRNASeq: a statistical framework for deconvolution of heterogeneous tissue samples based on mRNA-Seq data}",
    journal = {Bioinformatics},
    volume = {29},
    number = {8},
    pages = {1083-1085},
    year = {2013},
    doi = {10.1093/bioinformatics/btt090}
}

@online{WISP,
    url = {https://cit-bioinfo.github.io/WISP/}
}

@Inbook{CIBERSORT, 
	author="Chen, Binbin and Khodadoust, Michael S. and Liu, Chih Long and Newman, Aaron M. and Alizadeh, Ash A.",
	editor="von Stechow, Louise",
	title="Profiling Tumor Infiltrating Immune Cells with CIBERSORT",
	bookTitle="Cancer Systems Biology: Methods and Protocols",
	year="2018",
	publisher="Springer New York",
	pages="243--259",
	doi="10.1007/978-1-4939-7493-1_12"
}

@article{BayesPrism,
  title={Cell type and gene expression deconvolution with BayesPrism enables Bayesian integrative analysis across bulk and single-cell RNA sequencing in oncology},
  author={Chu, Tinyi and Wang, Zhong and Pe’er, Dana and Danko, Charles G},
  journal={Nature Cancer},
  volume={3},
  number={4},
  pages={505--517},
  doi={10.1038/s43018-022-00356-3},
  year={2022}
}

@article {InstaPrism,
	author = {Mengying Hu and Maria Chikina},
	title = {InstaPrism: an R package for fast implementation of BayesPrism},
	year = {2023},
	doi = {10.1101/2023.03.07.531579},
	journal = {bioRxiv}
}

@misc{DeconICA,
  title={DeconICA: DeconICA first release},
  author={Czerwinska, Urszula},
  year={2018}
}

@Article{DECONnmf,
    title = {A flexible R package for nonnegative matrix
      factorization},
    author = {Renaud Gaujoux and Cathal Seoighe},
    journal = {BMC Bioinformatics},
    year = {2010},
    volume = {11},
    number = {1},
    pages = {367},
    doi = {10.1186/1471-2105-11-367}
  }

@article{RefFreeEWAS,
  title={Reference-free deconvolution of DNA methylation data and mediation by cell composition effects},
  author={Houseman, E Andres and Kile, Molly L and Christiani, David C and Ince, Tan A and Kelsey, Karl T and Marsit, Carmen J},
  journal={BMC bioinformatics},
  volume={17},
  number={1},
  pages={1--15},
  year={2016},
  doi = {10.1186/s12859-016-1140-4}
}

@article{MeDeCom,
  title={MeDeCom: discovery and quantification of latent components of heterogeneous methylomes},
  author={Lutsik, Pavlo and Slawski, Martin and Gasparoni, Gilles and Vedeneev, Nikita and Hein, Matthias and Walter, J{\"o}rn},
  journal={Genome biology},
  volume={18},
  pages={1--20},
  year={2017},
  doi = {10.1186/s13059-017-1182-6}
}

@article{EDec,
  title={Epigenomic deconvolution of breast tumors reveals metabolic coupling between constituent cell types},
  author={Onuchic, Vitor and Hartmaier, Ryan J and Boone, David N and Samuels, Michael L and Patel, Ronak Y and White, Wendy M and Garovic, Vesna D and Oesterreich, Steffi and Roth, Matt E and Lee, Adrian V and others},
  journal={Cell reports},
  volume={17},
  number={8},
  pages={2075--2086},
  year={2016},
  doi = {10.1016/j.celrep.2016.10.057}
}

@article{TOAST,
  title={TOAST: improving reference-free cell composition estimation by cross-cell type differential analysis},
  author={Li, Ziyi and Wu, Hao},
  journal={Genome biology},
  volume={20},
  number={1},
  pages={1--17},
  year={2019},
  doi = {10.1186/s13059-019-1778-0}
}

@article{uniPort,
  title={uniPort: a unified computational framework for single-cell data integration with optimal transport},
  author={Cao, Kai and Gong, Qiyu and Hong, Yiguang and Wan, Lin},
  journal={bioRxiv},
  pages={2022--02},
  year={2022},
  doi = {10.1101/2022.02.14.480323}
}

@article{MultiMAP,
  title={MultiMAP: dimensionality reduction and integration of multimodal data},
  author={Jain, Mika Sarkin and Polanski, Krzysztof and Conde, Cecilia Dominguez and Chen, Xi and Park, Jongeun and Mamanova, Lira and Knights, Andrew and Botting, Rachel A and Stephenson, Emily and Haniffa, Muzlifah and others},
  journal={Genome biology},
  volume={22},
  number={1},
  pages={1--26},
  year={2021},
  doi = {10.1186/s13059-021-02565-y}
}

@article{GLUE,
  title={Multi-omics single-cell data integration and regulatory inference with graph-linked embedding},
  author={Cao, Zhi-Jie and Gao, Ge},
  journal={Nature Biotechnology},
  volume={40},
  number={10},
  pages={1458--1466},
  year={2022},
  doi = {10.1038/s41587-022-01284-4}
}

@article{MultiXrank,
  title={Universal multilayer network exploration by random walk with restart},
  author={Baptista, Anthony and Gonzalez, Aitor and Baudot, Anais},
  journal={Communications Physics},
  volume={5},
  number={1},
  pages={170},
  year={2022},
  doi = {10.1038/s42005-022-00937-9}
}

@article{buchka_2021_evaluation,
  title={On the optimistic performance evaluation of newly introduced bioinformatic methods},
  author={Buchka, Stefan and Hapfelmeier, Alexander and Gardner, Paul P and Wilson, Rory and Boulesteix, Anne-Laure},
  journal={Genome biology},
  volume={22},
  number={1},
  pages={152},
  year={2021},
  doi = {10.1186/s13059-021-02365-4}
}

@article{arrow_1950_voting,
  title={A difficulty in the concept of social welfare},
  author={Arrow, Kenneth J},
  journal={Journal of political economy},
  volume={58},
  number={4},
  pages={328--346},
  year={1950},
  doi = {10.1086/256963}
}

@article{gibbard_1973_voting,
  title={Manipulation of voting schemes: a general result},
  author={Gibbard, Allan},
  journal={Econometrica: journal of the Econometric Society},
  pages={587--601},
  year={1973},
  doi={10.2307/1914083}
}

@inproceedings{pavao_2021_judging,
  title={Judging competitions and benchmarks: a candidate election approach},
  author={Pavao, Adrien and Vaccaro, Michael and Guyon, Isabelle},
  booktitle={ESANN 2021-29th European Symposium on Artificial Neural Networks},
  year={2021},
  url = {https://inria.hal.science/hal-03367857/}
}

@book{yoon_1981_topsis,
  title={Methods for multiple attribute decision making},
  author={Hwang, Ching-Lai and Yoon, Kwangsun and Hwang, Ching-Lai and Yoon, Kwangsun},
  journal={Multiple attribute decision making: methods and applications a state-of-the-art survey},
  pages={58--191},
  year={1981},
  doi={10.1007/978-3-642-48318-9_3}
}

@Manual{R,
    title = {R: A Language and Environment for Statistical Computing},
    author = {{R Core Team}},
    organization = {R Foundation for Statistical Computing},
    address = {Vienna, Austria},
    year = {2023},
    url = {https://www.R-project.org/}
}

@Book{MASS,
    title = {Modern Applied Statistics with S},
    author = {W. N. Venables and B. D. Ripley},
    publisher = {Springer},
    edition = {Fourth},
    address = {New York},
    year = {2002},
    note = {ISBN 0-387-95457-0},
    url = {https://www.stats.ox.ac.uk/pub/MASS4/},
}

@Manual{restriktor,
    title = {restriktor: Restricted Statistical Estimation and Inference for Linear Models},
    author = {Leonard Vanbrabant and Rebecca Kuiper},
    year = {2023},
    note = {R package version 0.4-501},
    url = {https://CRAN.R-project.org/package=restriktor},
}

@Manual{limSolve,
    title = {limSolve: Solving Linear Inverse Models},
    year = {2009},
    author = {Karline Soetaert and Karel {Van den Meersche} and Dick {van Oevelen}},
    note = {R package 1.5.1},
}

@article{leng_2022_benchmark,
  title={A benchmark study of deep learning-based multi-omics data fusion methods for cancer},
  author={Leng, Dongjin and Zheng, Linyi and Wen, Yuqi and Zhang, Yunhao and Wu, Lianlian and Wang, Jing and Wang, Meihong and Zhang, Zhongnan and He, Song and Bo, Xiaochen},
  journal={Genome biology},
  volume={23},
  number={1},
  pages={1--32},
  year={2022},
  doi={10.1186/s13059-022-02739-2}
}

@inproceedings{OmiVAE,
  title={Integrated multi-omics analysis using variational autoencoders: application to pan-cancer classification},
  author={Zhang, Xiaoyu and Zhang, Jingqing and Sun, Kai and Yang, Xian and Dai, Chengliang and Guo, Yike},
  booktitle={2019 IEEE International Conference on Bioinformatics and Biomedicine (BIBM)},
  pages={765--769},
  year={2019},
  organization={IEEE},
  doi={10.1109/BIBM47256.2019.8983228}
}

@article{cuturi_2013_sinkhorn,
  title={Sinkhorn distances: Lightspeed computation of optimal transport},
  author={Cuturi, Marco},
  journal={Advances in neural information processing systems},
  volume={26},
  year={2013},
 url = {https://proceedings.neurips.cc/paper_files/paper/2013/file/af21d0c97db2e27e13572cbf59eb343d-Paper.pdf}
}

@inproceedings{feydy_2019_interpolating,
    title={Interpolating between Optimal Transport and MMD using Sinkhorn Divergences},
    author={Feydy, Jean and S{\'e}journ{\'e}, Thibault and Vialard, Fran{\c{c}}ois-Xavier and Amari, Shun-ichi and Trouve, Alain and Peyr{\'e}, Gabriel},
    booktitle={The 22nd International Conference on Artificial Intelligence and Statistics},
    pages={2681--2690},
    year={2019},
  pdf={http://proceedings.mlr.press/v89/feydy19a/feydy19a.pdf}
}

@inproceedings{Paszke_PyTorch_An_Imperative_2019,
    author = {Paszke, Adam and Gross, Sam and Massa, Francisco and Lerer, Adam and Bradbury, James and Chanan, Gregory and Killeen, Trevor and Lin, Zeming and Gimelshein, Natalia and Antiga, Luca and Desmaison, Alban and Kopf, Andreas and Yang, Edward and DeVito, Zachary and Raison, Martin and Tejani, Alykhan and Chilamkurthy, Sasank and Steiner, Benoit and Fang, Lu and Bai, Junjie and Chintala, Soumith},
    booktitle = {Advances in Neural Information Processing Systems 32},
    editor = {Wallach, H. and Larochelle, H. and Beygelzimer, A. and d'Alché-Buc, F. and Fox, E. and Garnett, R.},
    pages = {8024--8035},
    publisher = {Curran Associates, Inc.},
    title = {{PyTorch: An Imperative Style, High-Performance Deep Learning Library}},
    url = {http://papers.neurips.cc/paper/9015-pytorch-an-imperative-style-high-performance-deep-learning-library.pdf},
    year = {2019}
}

@article{bowman_2015_generating,
  title={Generating sentences from a continuous space},
  author={Bowman, Samuel R and Vilnis, Luke and Vinyals, Oriol and Dai, Andrew M and Jozefowicz, Rafal and Bengio, Samy},
  journal={arXiv preprint arXiv:1511.06349},
  year={2015},
  doi={10.48550/arXiv.1511.06349}
}

@article{fu2_019_cyclical,
  title={Cyclical annealing schedule: A simple approach to mitigating kl vanishing},
  author={Fu, Hao and Li, Chunyuan and Liu, Xiaodong and Gao, Jianfeng and Celikyilmaz, Asli and Carin, Lawrence},
  journal={arXiv preprint arXiv:1903.10145},
  year={2019},
  doi={10.48550/arXiv.1903.10145}
}

@Manual{singularity,
    title = {Singularity - Linux application and environment containers for science},
    author = {Kurtzer, Gregory},
    organization = {Sylabs Inc.},
    url = {https://sylabs.io/}
}

@article{teodoridis_2004_epigenetic,
  title={Epigenetic silencing mediated by CpG island methylation: potential as a therapeutic target and as a biomarker},
  author={Teodoridis, Jens M and Strathdee, Gordon and Brown, Robert},
  journal={Drug Resistance Updates},
  volume={7},
  number={4-5},
  pages={267--278},
  year={2004},
  doi={10.1016/j.drup.2004.06.005}
}

@article{rahmani_2018_bayescce,
  title={BayesCCE: a Bayesian framework for estimating cell-type composition from DNA methylation without the need for methylation reference},
  author={Rahmani, Elior and Schweiger, Regev and Shenhav, Liat and Wingert, Theodora and Hofer, Ira and Gabel, Eilon and Eskin, Eleazar and Halperin, Eran},
  journal={Genome biology},
  volume={19},
  number={1},
  pages={1--18},
  year={2018},
  doi={10.1186/s13059-018-1513-2}
}
